<record><leader>00000cas a22000007a 4500</leader><controlfield tag="001">10410636</controlfield><controlfield tag="008">840214d19151924ohuwr ne      0    0eng d</controlfield><datafield ind1=" " ind2=" " tag="010"><subfield code="a">sn 84028099 </subfield></datafield><datafield ind1=" " ind2=" " tag="040"><subfield code="a">NPY</subfield><subfield code="b">eng</subfield><subfield code="c">NPY</subfield><subfield code="d">OCLCQ</subfield></datafield><datafield ind1=" " ind2=" " tag="042"><subfield code="a">msc</subfield></datafield><datafield ind1="0" ind2="0" tag="245"><subfield code="a">Geauga County leader.</subfield></datafield><datafield ind1="1" ind2="3" tag="246"><subfield code="a">Geauga leader</subfield></datafield><datafield ind1=" " ind2=" " tag="260"><subfield code="a">Burton, Ohio :</subfield><subfield code="b">C.J. Olds &amp; Son,</subfield><subfield code="c">1915-1924.</subfield></datafield><datafield ind1=" " ind2=" " tag="300"><subfield code="a">9 v. :</subfield><subfield code="b">ill. ;</subfield><subfield code="c">57 cm.</subfield></datafield><datafield ind1=" " ind2=" " tag="310"><subfield code="a">Weekly</subfield></datafield><datafield ind1="0" ind2=" " tag="362"><subfield code="a">41st year, no. 17 (Apr. 28, 1915)-50th year, no. 34 (Aug. 19, 1924).</subfield></datafield><datafield ind1=" " ind2=" " tag="500"><subfield code="a">Publishers: C.J. Olds &amp; Son, 1915-July 5, 1916; H.T. &amp; F.L. Olds, July 12, 1916-Jan. 24, 1917; F.L. Olds, Jan. 31, 1917-1924.</subfield></datafield><datafield ind1=" " ind2=" " tag="500"><subfield code="a">"Republican." Cf. Gutgesell, S. Guide to Ohio newspapers, 1974.</subfield></datafield><datafield ind1=" " ind2=" " tag="515"><subfield code="a">42nd year, no. 1 (Jan. 5, 1916) misdated 1915.</subfield></datafield><datafield ind1=" " ind2=" " tag="752"><subfield code="a">United States</subfield><subfield code="b">Ohio</subfield><subfield code="c">Geauga</subfield><subfield code="d">Burton.</subfield></datafield><datafield ind1="0" ind2="0" tag="780"><subfield code="t">Geauga leader (Burton, Ohio : 1874)</subfield><subfield code="w">(DLC)sn 84028098</subfield></datafield><datafield ind1="0" ind2="0" tag="785"><subfield code="t">Geauga leader (Burton, Ohio : 1924)</subfield><subfield code="w">(DLC)sn 84028100</subfield></datafield><datafield ind1="1" ind2=" " tag="029"><subfield code="a">AU@</subfield><subfield code="b">000025791509</subfield></datafield></record>